@article{watrous06,
	author = "John Watrous",
    title = "University of Calgary: CPS 519/619 Introduction to Quantum Computing Lecture Notes",
    year = "2006",
    note = "URL: \url{https://cs.uwaterloo.ca/~watrous/LectureNotes/CPSC519.Winter2006/all.pdf}"
}

@article{bacon06,
	author = "Dave Bacon",
    title = "University of Washington CSE 599d Quantum Computing (Shor's Algorithm): Lecture Notes",
    year = "2006",
    note = "URL: \url{https://courses.cs.washington.edu/courses/cse599d/06wi/lecturenotes11.pdf}"
}

@article{brun,
	author = "Todd Brun",
    title = "EE520 Introduction to Quantum Information Processing Lecture 12",
    note = "URL: \url{http://www-bcf.usc.edu/~tbrun/Course/lecture12.pdf}"
}

@article{o'donnell15,
	author = "Ryan O'Donnell",
    title =  "CMU18-859BB Quantum Computation (Shor's Algorithm): Lecture Notes",
    year = "2015",
    note = "URL: \url{https://www.cs.cmu.edu/~odonnell/quantum15/lecture09.pdf}"
}

@article{lin16,
	author = "Fang Xi Lin",
    title = "Shor's Algorithm and the Quantum Fourier Transform",
    year = "2016",
    note = "URL: \url{http://www.math.mcgill.ca/darmon/courses/12-13/nt/projects/Fangxi-Lin.pdf}"
}

@article{chen17,
	author = "Evan Chen",
    title = "An Infinitely Large Napkin: Quantum Algorithms (177-198)",
    year = "2017",
	note = "URL: \url{https://usamo.files.wordpress.com/2017/12/napkin-2017-12-11.pdf}"
}

@article{vazirani04,
	author = "Umesh Vazirani",
    title = "CS 294-2 Quantum Computing Lecture 9: Shor's Factoring Algorithm",
    year = "2004",
    note = "URL: \url{https://people.eecs.berkeley.edu/~vazirani/f04quantum/notes/lec9.pdf}"

}

@misc{ wiki18,
  author = {{Shor's Algorithm}},
  title = "Shor's Algorithm --- {W}ikipedia{,} The Free Encyclopedia",
  year = "2018",
  url = "\url{https://en.wikipedia.org/wiki/Shor%27s_algorithm}",
  note = "[Online; accessed 27-April-2018]"
}